@inproceedings{petrovich24stmc,
    title     = {Multi-Track Timeline Control for Text-Driven 3D Human Motion Generation},
    author    = {Petrovich, Mathis and Litany, Or and Iqbal, Umar and Black, Michael J. and Varol, G{\"u}l and Peng, Xue Bin and Rempe, Davis},
    booktitle = {CVPR Workshop on Human Motion Generation},
    year      = {2024}
}