@INPROCEEDINGS{4648032,  author={Smits, Ruben and De Laet, Tinne and Claes, Kasper and Bruyninckx, Herman and De Schutter, Joris},  booktitle={2008 IEEE International Conference on Multisensor Fusion and Integration for Intelligent Systems},   title={iTASC: a tool for multi-sensor integration in robot manipulation},   year={2008},  volume={},  number={},  pages={426-433},  doi={10.1109/MFI.2008.4648032}}

@article{kenwright2012inverse,
  title={Inverse kinematics--cyclic coordinate descent (ccd)},
  author={Kenwright, Ben},
  journal={Journal of Graphics Tools},
  volume={16},
  number={4},
  pages={177--217},
  year={2012},
  publisher={Taylor \& Francis}
}

@article{aristidou2011fabrik,
  title={FABRIK: A fast, iterative solver for the Inverse Kinematics problem},
  author={Aristidou, Andreas and Lasenby, Joan},
  journal={Graphical Models},
  volume={73},
  number={5},
  pages={243--260},
  year={2011},
  publisher={Elsevier}
}

@article{sheng2021pfnn,
  title={PFNN: A penalty-free neural network method for solving a class of second-order boundary-value problems on complex geometries},
  author={Sheng, Hailong and Yang, Chao},
  journal={Journal of Computational Physics},
  volume={428},
  pages={110085},
  year={2021},
  publisher={Elsevier}
}

@incollection{grochow2004style,
  title={Style-based inverse kinematics},
  author={Grochow, Keith and Martin, Steven L and Hertzmann, Aaron and Popovi{\'c}, Zoran},
  booktitle={ACM SIGGRAPH 2004 Papers},
  pages={522--531},
  year={2004}
}

@article{kingma2013auto,
  title={Auto-encoding variational bayes},
  author={Kingma, Diederik P},
  journal={arXiv preprint arXiv:1312.6114},
  year={2013}
}

@inproceedings{pavlakos2019expressive,
  title={Expressive body capture: 3d hands, face, and body from a single image},
  author={Pavlakos, Georgios and Choutas, Vasileios and Ghorbani, Nima and Bolkart, Timo and Osman, Ahmed AA and Tzionas, Dimitrios and Black, Michael J},
  booktitle={Proceedings of the IEEE/CVF conference on computer vision and pattern recognition},
  pages={10975--10985},
  year={2019}
}

@inproceedings{bertin2022rosetta,
  title={Rosetta-lsf: an aligned corpus of french sign language and french for text-to-sign translation},
  author={Bertin-Lem{\'e}e, {\'E}lise and Braffort, Annelies and Challant, Camille and Danet, Claire and Dauriac, Boris and Filhol, Michael and Martinod, Emmanuella and Segouat, J{\'e}r{\'e}mie},
  booktitle={13th Conference on Language Resources and Evaluation (LREC 2022)},
  year={2022}
}

@inproceedings{tiwari2022pose,
  title={Pose-ndf: Modeling human pose manifolds with neural distance fields},
  author={Tiwari, Garvita and Anti{\'c}, Dimitrije and Lenssen, Jan Eric and Sarafianos, Nikolaos and Tung, Tony and Pons-Moll, Gerard},
  booktitle={European Conference on Computer Vision},
  pages={572--589},
  year={2022},
  organization={Springer}
}

@article{lu2023dposer,
  title={DPoser: Diffusion Model as Robust 3D Human Pose Prior},
  author={Lu, Junzhe and Lin, Jing and Dou, Hongkun and Zhang, Yulun and Deng, Yue and Wang, Haoqian},
  journal={arXiv preprint arXiv:2312.05541},
  year={2023}
}